@inproceedings{simoens2013scalable,
  title={Scalable crowd-sourcing of video from mobile devices},
  author={Simoens, Pieter and Xiao, Yu and Pillai, Padmanabhan and Chen, Zhuo and Ha, Kiryong and Satyanarayanan, Mahadev},
  booktitle={Proceeding of the 11th annual international conference on Mobile systems, applications, and services},
  pages={139--152},
  year={2013},
  organization={ACM}
}

@article{tomar2006converting,
  title={Converting video formats with FFmpeg},
  author={Tomar, Suramya},
  journal={Linux Journal},
  volume={2006},
  number={146},
  pages={10},
  year={2006},
  publisher={Belltown Media}
}

@article{wondershaper,
	title = {Wonder Shaper},
	journal = {http://www.lartc.org/wondershaper}
}

@article{sintel,
	title = {Sintel, the Durian Open Movie Project},
	journal = {https://durian.blender.org/}
}
